@misc{aarp2025,
  author = {{AARP} and {National Alliance for Caregiving}},
  title = {Caregiving in the {U.S.} 2025},
  year = {2025},
  month = {July},
  url = {https://www.aarp.org/caregiving/research/},
  note = {63 million American caregivers (24\% of adults), 45\% increase since 2015}
}

@article{truthfulqa,
  title={{TruthfulQA}: Measuring How Models Mimic Human Falsehoods},
  author={Lin, Stephanie and Hilton, Jacob and Evans, Owain},
  journal={arXiv preprint arXiv:2109.07958},
  year={2021},
  url={https://arxiv.org/abs/2109.07958}
}

@article{harmbench,
  title={{HarmBench}: A Standardized Evaluation Framework for Automated Red Teaming},
  author={Mazeika, Mantas and Phan, Long and Yin, Xuwang and Zou, Andy and others},
  journal={arXiv preprint arXiv:2402.04249},
  year={2024},
  url={https://arxiv.org/abs/2402.04249}
}

@misc{rosebud2024,
  author = {{Rosebud AI}},
  title = {CARE: Crisis Assessment and Response Evaluation Benchmark},
  year = {2024},
  url = {https://rosebud.ai/care},
  note = {Single-turn crisis detection in mental health messages}
}

@article{eqbench2024,
  title={{EQ-Bench}: An Emotional Intelligence Benchmark for Large Language Models},
  author={Paech, Samuel J.},
  journal={arXiv preprint arXiv:2312.06281},
  year={2024},
  url={https://arxiv.org/abs/2312.06281}
}

@misc{replika2024,
  title={Character.AI Lawsuits and Parasocial Dependency},
  author={Bergstein, Brian},
  year={2024},
  journal={MIT Technology Review},
  url={https://www.technologyreview.com/2024/10/23/character-ai-lawsuit/}
}

@article{liu2023lost,
  title={Lost in the Middle: How Language Models Use Long Contexts},
  author={Liu, Nelson F. and Lin, Kevin and Hewitt, John and Paranjape, Ashwin and others},
  journal={Transactions of the Association for Computational Linguistics},
  volume={12},
  pages={157--173},
  year={2024},
  doi={10.1162/tacl_a_00638}
}

@misc{berkeley2024,
  author = {{UC Berkeley Othering \& Belonging Institute}},
  title = {Targeted Universalism: Policy \& Practice},
  year = {2024},
  url = {https://belonging.berkeley.edu/targeteduniversalism}
}

@misc{stanford2024,
  title={Bridge Study: AI Detection of Masked Suicidal Ideation},
  author={{Stanford Center for AI Safety}},
  year={2024},
  note={86\% of models miss masked crisis signals}
}

@misc{wopr2025,
  author = {{Illinois General Assembly}},
  title={Illinois Workplace Oversight of Predictive Regulation ({WOPR}) Act},
  year={2025},
  note={Prohibits AI from providing medical advice without human oversight},
  howpublished={HB 3773}
}

@article{safetybench,
  title={{SafetyBench}: Evaluating the Safety of Large Language Models},
  author={Zhang, Zhexin and Lei, Leqi and Wu, Lindong and others},
  journal={arXiv preprint arXiv:2309.07045},
  year={2023}
}

@article{medqa,
  title={{MedQA}: A Large-Scale Medical Question Answering Dataset},
  author={Jin, Di and Pan, Eileen and Oufattole, Nassim and others},
  journal={Applied Sciences},
  volume={11},
  number={14},
  year={2021},
  publisher={MDPI}
}

@article{helmet2024,
  title={{HELMET}: How to Evaluate Long-Context Language Models Effectively},
  author={Tao, Cheng and Zhang, Kejun and Ding, Jiawei and others},
  journal={arXiv preprint arXiv:2410.02694},
  year={2024}
}

@article{zarit1980,
  title={Relatives of the Impaired Elderly: Correlates of Feelings of Burden},
  author={Zarit, Steven H. and Reever, Karen E. and Bach-Peterson, Julie},
  journal={The Gerontologist},
  volume={20},
  number={6},
  pages={649--655},
  year={1980}
}

@article{tebb1999,
  title={Assessing Family Caregiver Distress: Caregiver Well-Being Scale},
  author={Tebb, Susan S.},
  journal={Journal of Gerontological Social Work},
  volume={32},
  number={3},
  year={1999}
}

@article{belle2006,
  title={Resources for Enhancing Alzheimer's Caregiver Health ({REACH II})},
  author={Belle, Steven H. and Burgio, Louis and Burns, Diane and others},
  journal={The Gerontologist},
  volume={46},
  number={1},
  pages={15--35},
  year={2006}
}
