@misc{madad2025supportbench,
  title={SupportBench: A Benchmark for Evaluating AI Safety in Persistent Caregiving Relationships},
  author={Madad, Ali},
  year={2025},
  eprint={2501.XXXXX},
  archivePrefix={arXiv},
  primaryClass={cs.AI},
  note={To be updated with actual arXiv number upon submission}
}

@article{zhang2024train,
  title={Train Before Test: How to Aggregate Rankings in LLM Benchmarks},
  author={Zhang, Guanhua and others},
  year={2024},
  note={Framework for understanding as-deployed capability vs inherent potential in benchmarking}
}

@article{he2025impatient,
  title={Impatient Users Confuse AI Agents: High-fidelity Simulations of Human Traits for Testing Agents},
  author={He, Muyu and Kumar, Anand and Mackey, Tsach and Rajeev, Meghana and Zou, James and Rajani, Nazneen},
  journal={arXiv preprint arXiv:2510.04491v1},
  year={2025},
  note={Methodology for trait robustness testing}
}

@misc{aarp2025,
  title={Caregiving in America 2025},
  author={{AARP and National Alliance for Caregiving}},
  year={2025},
  howpublished={\url{https://www.aarp.org/caregiving}},
  note={Source for caregiver statistics}
}

@inproceedings{vaswani2017,
  title={Attention is All You Need},
  author={Vaswani, Ashish and Shazeer, Noam and Parmar, Niki and Uszkoreit, Jakob and Jones, Llion and Gomez, Aidan N and Kaiser, {\L}ukasz and Polosukhin, Illia},
  booktitle={Advances in Neural Information Processing Systems},
  volume={30},
  pages={5998--6008},
  year={2017},
  note={Foundational transformer architecture paper that shared design patterns before complete validation}
}

@inproceedings{devlin2018bert,
  title={BERT: Pre-training of Deep Bidirectional Transformers for Language Understanding},
  author={Devlin, Jacob and Chang, Ming-Wei and Lee, Kenton and Toutanova, Kristina},
  booktitle={Proceedings of the 2019 Conference of the North American Chapter of the Association for Computational Linguistics: Human Language Technologies, Volume 1 (Long and Short Papers)},
  pages={4171--4186},
  year={2019},
  organization={Association for Computational Linguistics},
  note={Published architecture with community validation model}
}

@book{beyer2016sre,
  title={Site Reliability Engineering: How Google Runs Production Systems},
  author={Beyer, Betsy and Jones, Chris and Petoff, Jennifer and Murphy, Niall Richard},
  year={2016},
  publisher={O'Reilly Media},
  isbn={978-1491929124},
  note={Documented operational practices as reference architecture before claiming empirical superiority}
}

@legislation{illinois_wopr_2025,
  title={Wellness and Oversight for Psychological Resources (WOPR) Act},
  number={House Bill 1806 / Public Act 104-0054},
  jurisdiction={Illinois},
  year={2025},
  effective={August 1, 2025},
  url={https://ilga.gov/legislation/publicacts/104/104-0054.htm},
  note={Prohibits AI from making independent therapeutic decisions without licensed review}
}

@article{xu2025mentalchat,
  author={Xu, Jia and Wei, Tianyi and Hou, Bojian and Orzechowski, Patryk and Yang, Shu and Jin, Ruochen and Paulbeck, Rachael and Wagenaar, Joost and Demiris, George and Shen, Li},
  title={MentalChat16K: A Benchmark Dataset for Conversational Mental Health Assistance},
  journal={arXiv preprint arXiv:2503.13509},
  year={2025},
  url={https://huggingface.co/datasets/ShenLab/MentalChat16K},
  note={Includes anonymized transcripts from Behavioral Health Coaches with caregivers of palliative/hospice patients}
}

% TODO: Add remaining citations after literature review
% @article{replika2024, ...}  % Attachment in AI companions
% @article{wopr2025, ...}  % Illinois WOPR Act
% @article{prapare, ...}  % PRAPARE SDOH instrument
% @article{ahc, ...}  % AHC HRSN screening tool
